%bibtex entries 

@MISC{kn:svgibm,
 AUTHOR={IBM},
 TITLE={Program with {SVG}},
 howpublished={\url{http://www-128.ibm.com/developerworks/xml/library/x-matters40/}},
 MONTH={Maio},
 YEAR=2005,
 note = {Last accessed on 15th March 2010}
}

@misc{site:json,
  author = {Douglas Crockford},
  title = {{Introducing JSON}},
  howpublished = {\url{http://json.org/}},
  MONTH = {March},
  year = 2009,
  note = {Last accessed on 20th July 2010}
}

@misc{site:rfc-json,
  author = {Douglas Crockford},
  title = {{ The application/json Media Type for JavaScript Object Notation (JSON)}},
  howpublished = {\url{http://www.ietf.org/rfc/rfc4627.txt?number=4627}},
  month = {March},
  year = 2009,
  note = {Last accessed on 20th July 2010}
}

@misc{site:xml,
  author = {{Robin Cover}},
  title = {{XML Applications and Initiatives}},
  howpublished = {\url{http://xml.coverpages.org/xmlApplications.html}},
  MONTH = {March},
  year = 2009,
  note = {Last accessed on 15th March 2010}
}

@manual{Teutenberg03,
	author = {Teutenberg, J.},
	title = {Random Map Generator 1.0 --- User's Guide},
	year = {2003}
}

@article{bentley-ottman,
	author = {Bentley, J. L. and Ottmann, T. A.},
	title = {{Algorithms for Reporting and Counting Geometric Intersections}},
	journal = {IEEE Trans. Comput.},
	volume = {28},
	number = {9},
	year = {1979},
	pages = {643--647},
	publisher = {IEEE Computer Society},
	address = {Washington, DC, USA}
}

@article{Beltrami74,
	author={{Beltrami, E.J., Bodin, L.D.}},
	title={{Networks and Vehicle Routing for Municipal Waste Collection}},
	journal={Networks},
	year={1974},
	volume={4},
	number={1},
	pages={65-94}
}

@manual{rmg:user-guide,
	author = {Teutenberg, J.},
	title = {{Random Map Generator 1.0 --- User's Guide}},
	year = {2003}
}


@article{Gomez20082465,
	title = {{Characterization of urban solid waste in Chihuahua, Mexico}},
	journal = "Waste Management",
	volume = "28",
	number = "12",
	pages = "2465 - 2471",
	year = "2008",
	author = "Guadalupe Gomez and Montserrat Meneses and Lourdes Ballinas and Francesc Castells"
}

@article{OjedaBenitez2003211,
	title = {{Characterization and quantification of household solid wastes in a Mexican city}},
	journal = "Resources, Conservation and Recycling",
	volume = "39",
	number = "3",
	pages = "211 - 222",
	year = "2003",
	author = "Sara Ojeda-Benitez and Carolina Armijo de Vega and Ma Elizabeth Ramírez-Barreto"
}

@article{Gomez20092018,
	title = {{Seasonal characterization of municipal solid waste (MSW) in the city of Chihuahua, Mexico}},
	journal = "Waste Management",
	volume = "29",
	number = "7",
	pages = "2018 - 2024",
	year = "2009",
	author = "Guadalupe Gómez and Montserrat Meneses and Lourdes Ballinas and Francesc Castells"
}

@article{Beigl2008200,
	title = {{Modelling municipal solid waste generation: A review}},
	journal = "Waste Management",
	volume = "28",
	number = "1",
	pages = "200 - 214",
	year = "2008",
	author = "Peter Beigl and Sandra Lebersorger and Stefan Salhofer"
}

@article{Magrinho20061477,
	title = {{Municipal solid waste disposal in Portugal}},
	journal = "Waste Management",
	volume = "26",
	number = "12",
	pages = "1477 - 1489",
	year = "2006",
	note = "",
	author = "Alexandre Magrinho and Filipe Didelet and Viriato Semiao"
}

@article{Passaro200397,
	title = {{Report: waste management in Portugal between 1996 and 2002}},
	journal = "Waste Management",
	volume = "23",
	number = "1",
	pages = "97 - 99",
	year = "2003",
	author = "D. A. Pássaro"
}

@article{Chen20001,
	title = {{Prediction analysis of solid waste generation based on grey fuzzy dynamic modeling}},
	journal = "Resources, Conservation and Recycling",
	volume = "29",
	number = "1-2",
	pages = "1 - 18",
	year = "2000",
	note = "",
	author = "H. W. Chen and Ni-Bin Chang"
}

@article{Apaydin2007,
	title = {{Route optimization for solid waste collection: Trabzon (Turkey) case study}},
	journal = "Global Nest Journal",
	volume = "9",
	year = "2007",
	pages = "6 - 11",
	author = "O. Apaydin and M.T. Gonullu"
}

@inproceedings{Bautista2004,
	author    = {Joaqu\'{\i}n Bautista and Jordi Pereira},
	title     = {{Ant Algorithms for Urban Waste Collection Routing}},
	booktitle = {{ANTS Workshop}},
	year      = {2004},
	pages     = {302-309}
}

@article{Karadimas2005,
	author	= {{Karadimas, N.V., Kouzas, G., Anagnostopoulos, I. and Loumos, V.}},
	title = {{Urban Solid Waste Collection and Routing: the Ant Colony Strategic Approach}},
	journal = {{International Journal of Simulation: Systems, Science \& Technology}},
	volume = "6",
	year = "2005",
	pages = "45-53"
}

@article{Bhat1996,
	author = {Bhat, Vasanthakumar N.},
	title = {{A Model for the Optimal Allocation of Trucks for Solid Waste Management}},
	journal = {{Waste Management Research}},
	volume = {14},
	number = {1},
	pages = {87-96},
	doi = {10.1177/0734242X9601400108},
	year = {1996}
}

@article{Tung2000,
	author={Tung, Dang Vu and Pinnoi, Anulark},
	title={{Vehicle routing-scheduling for waste collection in Hanoi}},
	journal={{European Journal of Operational Research}},
	year=2000,
	volume={125},
	number={3},
	pages={449-468}
}

@article{Li2008,
	author={Li, Jing-Quan and Borenstein, Denis and Mirchandani, Pitu B.},
	title={{Truck scheduling for solid waste collection in the City of Porto Alegre, Brazil}},
	journal={Omega},
	year=2008,
	volume={36},
	number={6},
	pages={1133-1149}
}

%%%%%%% Arc routing problem

@article{Euler1736,
	author = {Euler, Leonhard},
	year = "1736",
	title = {{Solutio problematis ad geometriam situs pertinentis}},
	journal = {{Comment. Academiae Sci. J. Petropolitanae}},
	volume= 8,
	pages= "128-140"
}
@article{Golden81,
	author={Golden, Bruce L., Wong, Richard T.},
	title={Capacitated Arc Routing Problems},
	journal={Networks},
	year={1981},
	volume={11},
	number={3},
	pages={305-315}
}

@incollection{Assad95,
	title = "Chapter 5 Arc routing methods and applications",
	editor = "M.O. Ball, T.L. Magnanti, C.L. Monma and G.L. Nemhauser",
	booktitle = "Network Routing",
	publisher = "Elsevier",
	year = "1995",
	volume = "8",
	pages = "375 - 483",
	series = "Handbooks in Operations Research and Management Science",
	issn = "0927-0507",
	doi = "DOI: 10.1016/S0927-0507(05)80109-4",
	url = "http://www.sciencedirect.com/science/article/B7P6G-4FKY22V-R/2/cfbde2442de744fc62dd08770e392f2e",
	author = "Arjang A. Assad and Bruce L. Golden"
}

@book{Dror00,
	title = {{Arc Routing: Theory, Solutions and Applications}},
	year = 2000,
	editor = {{Moshe Dror}}
}

@book{Wohlk08,
	author = {{Sanne Wøhlk}},
	title = {{A Decade of Capacitated Arc Routing}},
	booktitle = {{The Vehicle Routing Problem: Latest Advances and New Challenges}},
	editor = {{Bruce L. Golden, S. Raghavan, Edward A. Wasil}},
	pages = "29-48",
	year = 2008
}


@article{Corberan2002887,
	title = {{The Rural Postman Problem on mixed graphs with turn penalties}},
	journal = {{Computers \& Operations Research}},
	volume = "29",
	number = "7",
	pages = "887 - 903",
	year = "2002",
	note = "",
	issn = "0305-0548",
	doi = "DOI: 10.1016/S0305-0548(00)00091-5",
	url = "http://www.sciencedirect.com/science/article/B6VC5-44W30HT-7/2/3712a0080045cc316804c923f92ed218",
	author = "Angel Corberán and Rafael Martí and Eulalia Martínez and David Soler",
	keywords = "Arc routing",
	keywords = "Rural postman problem",
	keywords = "Turn penalties",
	keywords = "Metaheuristics"
}

@article{Belenguer98,
	author = {Belenguer, J. M. and Benavent, E.},
	title = {{The Capacitated Arc Routing Problem: Valid Inequalities and Facets}},
	journal = {Comput. Optim. Appl.},
	volume = {10},
	number = {2},
	year = {1998},
	issn = {0926-6003},
	pages = {165--187},
	doi = {http://dx.doi.org/10.1023/A:1018316919294},
	publisher = {Kluwer Academic Publishers},
	address = {Norwell, MA, USA}
}

@article{Belenguer03,
	title = "A cutting plane algorithm for the capacitated arc routing problem",
	journal = "Computers \& Operations Research",
	volume = "30",
	number = "5",
	pages = "705 - 728",
	year = "2003",
	note = "",
	issn = "0305-0548",
	doi = "DOI: 10.1016/S0305-0548(02)00046-1",
	url = "http://www.sciencedirect.com/science/article/B6VC5-45CN6Y0-1/2/99fb3cf347067accd5617c0b1dbf9d40",
	author = "José M. Belenguer and Enrique Benavent",
	keywords = "Arc routing",
	keywords = "Postman problems",
	keywords = "Lower bounds"
}

@article{Belenguer06,
	title = "Lower and upper bounds for the mixed capacitated arc routing problem",
	journal = "Computers \& Operations Research",
	volume = "33",
	number = "12",
	pages = "3363 - 3383",
	year = "2006",
	note = "Part Special Issue: Recent Algorithmic Advances for Arc Routing Problems",
	issn = "0305-0548",
	author = "José-Manuel Belenguer and Enrique Benavent and Philippe Lacomme and Christian Prins",
}

@article{Gouveia10,
	title = "Lower bounds for the mixed capacitated arc routing problem",
	journal = "Computers \& Operations Research",
	volume = "37",
	number = "4",
	pages = "692 - 699",
	year = "2010",
	note = "",
	issn = "0305-0548",
	author = "Luís Gouveia and Maria Cândida Mourão and Leonor Santiago Pinto",
	keywords = "Mixed capacitated arc routing",
	keywords = "Formulations",
	keywords = "Lower bounds"
}

@book{Toth01book,
	author = {Toth, P. and Vigo, D.},
	title = {The vehicle routing problem},
	year = {2001},
	isbn = {0-89871-498-2},
	pages = {287--308},
	publisher = {Society for Industrial and Applied Mathematics},
	address = {Philadelphia, PA, USA},
}

@inbook{Sniezek01,
	author = {Sniezek, J. and Bodin, L. and Levy, L. and Ball, M.},
	title = {{Capacitated arc routing problem with vehicle-site dependencies: the Philadelphia experience}},
	pages = {287--308},
	crossref = {Toth01book}
}

@inbook{Toth01,
	author = {Toth, P. and Vigo, D.},
	title = {An overview of vehicle routing problems},
	pages = {1--26},
	crossref = {Toth01book},
}

@inbook{Naddef01,
	author = {Naddef, D. and Rinaldi, G.},
	title = {{Branch-and-cut algorithms for the capacitated VRP}},
	pages = {53--84},
	crossref = {Toth01book}
}

@inbook{Laporte01,
	author = {Laporte, G. and Semet, F.},
	title = {{Classical heuristics for the capacitated VRP}},
	pages = {109--128},
	crossref = {Toth01book}
}

@article{Gendreau01,
	author = {Gendreau, M. and Laporte, G. and Potvin, J.-Y.},
	title = {{Metaheuristics for the capacitated VRP}},
	pages = {129--154},
	crossref = {Toth01book}
 }

@inbook{Golden01,
	author = {Golden, B. L. and Assad, A. A. and Wasil, E. A.},
	title = {{Routing vehicles in the real world: applications in the solid waste, beverage, food, dairy, and newspaper industries}},
	pages = {245--286},
	crossref = {Toth01book}
}

@book{CSAM76,
	title = {{Case Studies in Applied Mathematics}},
	year = 1976,
}
@inbook{Tucker76,
	author = {Tucker, A. and Bodin, L.},
	title = {{A model for municipal street sweeping operations}},
	pages = "107-150",
	crossref = {CSAM76}
}

@article{Kim06,
	title = {{Waste collection vehicle routing problem with time windows}},
	journal = {{Computers \& Operations Research}},
	volume = "33",
	number = "12",
	pages = "3624 - 3642",
	year = "2006",
	note = "Part Special Issue: Recent Algorithmic Advances for Arc Routing Problems",
	issn = "0305-0548",
	doi = "DOI: 10.1016/j.cor.2005.02.045",
	url = "http://www.sciencedirect.com/science/article/B6VC5-4HM82S0-1/2/1ee4bb63e9551de2c48b27444d8c6c9e",
	author = "Byung-In Kim and Seongbae Kim and Surya Sahoo",
	keywords = "Waste collection",
	keywords = "Vehicle routing problems with time windows",
	keywords = "Capacitated clustering"
}

%%%%%%% Rollon-Rolloff

@article{Cristallo94,
	author="Cristallo G.",
	title = {{Optimisation de Tournées de Véhicules de Transport Container}},
	journal = {{Mémoire de license en Sciences Economique et Sociales, Facultés Universitaires Notre-Dame de la Paix}},
	address = {{Namur, Belgium}},
	year = 1994
}

@article{Meulemeester97,
	author = "de Meulemeester L.",
	author = "Laporte G.",
	author = "Louveaux F.V.",
	author = "Semet F.",
	title = "Optimal sequencing of skip collections and deliveries",
	journal = "Journal of the Operational Research Society",
	volume = "48",
	year = "1 January 1997",
	pages = "57-64(8)",
	url = "http://www.ingentaconnect.com/content/pal/01605682/1997/00000048/00000001/2600325"
}

@article{Bodin00,
	author = {Bodin, Lawrence and Mingozzi, Aristide and Baldacci, Roberto and Ball, Michael},
	title = {{The Rollon-Rolloff Vehicle Routing Problem}},
	journal = {TRANSPORTATION SCIENCE},
	volume = {34},
	number = {3},
	pages = {271-288},
	year = {2000}
}

@article{Baldacci06,
	author = {Baldacci, Roberto and Bodin, Lawrence and Mingozzi, Aristide},
	title = {The multiple disposal facilities and multiple inventory locations rollon-rolloff vehicle routing problem},
	journal = {Comput. Oper. Res.},
	volume = {33},
	number = {9},
	year = {2006},
	issn = {0305-0548},
	pages = {2667--2702},
	doi = {http://dx.doi.org/10.1016/j.cor.2005.02.023},
	publisher = {Elsevier Science Ltd.},
	address = {Oxford, UK, UK},
}

%%%%%%% Vehicle Routing Problem

@inproceedings{Archetti05,
	author = {Archetti, M.G. Speranza},
	title = {{Collection of waste with single load trucks: a real case}},
	editor = {Fleischmann, B. and Klose, A.},
	booktitle = {Distribution Logistics: Advanced Solutions to Practical Problems},
	year = {2005},
	pages = {105-119},
	publisher = {Springer-Verlag},
	address = {Berlin Heidelberg}
}

%%%%%%% Studies on MSW Management

@inproceedings{McCarthy94,
	author = {McCarthy, J.E.},
	year = {1994},
	title = {{The municipal solid waste problem in the main industrialized countries}},
	booktitle = {{The Management of Municipal Solid Waste in Europe: Economic, Technological and Environmental Perspectives}},
	editor = {{Curzio, A.Q., Prosperetti, L., Zoboli, R.}},
	address = {Amsterdam}
}

%%%%%%% Waste collection studies

@article{Teixeira04,
	author={Teixeira, Joao and Antunes, Antonio Pais and de Sousa, Jorge Pinho},
	title={{Recyclable waste collection planning--a case study}},
	journal={European Journal of Operational Research},
	year=2004,
	volume={158},
	number={3},
	pages={543-554},
	month={November},
	url={http://ideas.repec.org/a/eee/ejores/v158y2004i3p543-554.html}
}

@article{Aringhieri04,
	title = {{An asymmetric vehicle routing problem arising in the collection and disposal of special waste}},
	journal = "Electronic Notes in Discrete Mathematics",
	volume = "17",
	number = "",
	pages = "41 - 47",
	year = "2004",
	note = "Workshop on Graphs and Combinatorial Optimization",
	issn = "1571-0653",
	doi = "DOI: 10.1016/j.endm.2004.03.011",
	url = "http://www.sciencedirect.com/science/article/B75GV-4FXV41J-C/2/905ccf062da25c486cdd750c8f4f21cb",
	author = "Roberto Aringhieri and Maurizio Bruglieri and Federico Malucelli and Maddalena Nonato"
}

@article{Pandit95,
	title = {{A capacitated general routing problem on mixed networks}},
	journal = {{Computers \& Operations Research}},
	volume = "22",
	number = "5",
	pages = "465 - 478",
	year = "1995",
	issn = "0305-0548",
	doi = "DOI: 10.1016/0305-0548(94)00035-7",
	author = "Ram Pandit and B. Muralidharan"
}

@article{Cesar02,
	title = {The Capacitated General Routing Problem on Mixed Graphs},
	author = {Julio César and Angel Gutiérrez and David Soler and Antonio Hervás},
	journal = {Investigaciones Operacionales},
	year = 2002,
	volume = 23,
	pages = "15-26"
}

@article{Edmonds73,
	journal = {{Mathematical Programming}},
	title = {{Matching, Euler tours and the Chinese postman}},
	volume = 5,
	pages = "88-124",
	author = {{Jack Edmonds}},
	author = {{Ellis L. Johnson}},
	year = 1973
}

@article{Ralphs01,
	title = {Capacitated Node Routing Problems (Preliminary Progress Report)},
	author = {T. K. Ralphs and J. C. Hartman},
	year = {2001}
}

@article{Letchford99,
	title = "The general routing polyhedron: A unifying framework",
	journal = "European Journal of Operational Research",
	volume = "112",
	number = "1",
	pages = "122 - 133",
	year = "1999",
	note = "",
	issn = "0377-2217",
	doi = "DOI: 10.1016/S0377-2217(97)00377-9",
	url = "http://www.sciencedirect.com/science/article/B6VCT-3YSXJP1-X/2/7ab6fb0e72a497da5bf92420481f86cf",
	author = "Adam N. Letchford",
	keywords = "Polyhedra",
	keywords = "Valid inequalities",
	keywords = "General routing problem"
}

@inproceedings{Colorni91,
	author = {Colorni, Alberto and Dorigo, Marco and Maniezzo, Vittorio},
	booktitle = {European Conference on Artificial Life},
	pages = {134--142},
	title = {Distributed Optimization by Ant Colonies},
	year = {1991}
}




@article{Rovetta09,
	title = {{Early detection and evaluation of waste through sensorized containers for a collection monitoring application}},
	journal = "Waste Management",
	volume = "29",
	number = "12",
	pages = "2939 - 2949",
	year = "2009",
	note = "",
	issn = "0956-053X",
	doi = "DOI: 10.1016/j.wasman.2009.08.016",
	url = "http://www.sciencedirect.com/science/article/B6VFR-4X962SC-3/2/9017e1eaa341204691998dc61e2d70df",
	author = "Alberto Rovetta and Fan Xiumin and Federico Vicentini and Zhu Minghua and Alessandro Giusti and He Qichang"
}

@article{Vicentini09,
	title = "Sensorized waste collection container for content estimation and collection optimization",
	journal = "Waste Management",
	volume = "29",
	number = "5",
	pages = "1467 - 1472",
	year = "2009",
	note = "First international conference on environmental management, engineering, planning and economics",
	issn = "0956-053X",
	doi = "DOI: 10.1016/j.wasman.2008.10.017",
	url = "http://www.sciencedirect.com/science/article/B6VFR-4V69JDD-1/2/6ff868f79178667249bf19fc5eae9327",
	author = "F. Vicentini and A. Giusti and A. Rovetta and X. Fan and Q. He and M. Zhu and B. Liu"
}



@article{Johansson06,
	title = "The effect of dynamic scheduling and routing in a solid waste management system",
	journal = "Waste Management",
	volume = "26",
	number = "8",
	pages = "875 - 885",
	year = "2006",
	note = "",
	issn = "0956-053X",
	doi = "DOI: 10.1016/j.wasman.2005.09.004",
	url = "http://www.sciencedirect.com/science/article/B6VFR-4HHP3DK-2/2/07ed1b7f0ffac5d896ca56622f4d2e8a",
	author = "Ola M. Johansson"
}

@book{Gutin2002,
  author = {Gregory Gutin and Abraham Punnen and Alexander Barvinok and Edward Kh. Gimadi and Anatoliy I. Serdyukov},
  title = {The Traveling Salesman Problem and Its Variations},
  year = {2002}
}

@article{Johansson06,
	title = "The effect of dynamic scheduling and routing in a solid waste management system",
	journal = "Waste Management",
	volume = "26",
	number = "8",
	pages = "875 - 885",
	year = "2006",
	note = "",
	issn = "0956-053X",
	doi = "DOI: 10.1016/j.wasman.2005.09.004",
	url = "http://www.sciencedirect.com/science/article/B6VFR-4HHP3DK-2/2/07ed1b7f0ffac5d896ca56622f4d2e8a",
	author = "Ola M. Johansson"
}

@article{Williamson199283,
  title = {{"Analysis of the Held-Karp lower bound for the asymmetric TSP"}},
  journal = "Operations Research Letters",
  volume = "12",
  number = "2",
  pages = "83 - 88",
  year = "1992",
  note = "",
  issn = "0167-6377",
  doi = "DOI: 10.1016/0167-6377(92)90068-E",
  url = "http://www.sciencedirect.com/science/article/B6V8M-48MPT7R-B5/2/4f452e286975d1f651d2472f69e2f52d",
  author = "David P. Williamson",
  keywords = "traveling salesman problem"
}

@ARTICLE{Beasley1983,
  title = {Route first--Cluster second methods for vehicle routing},
  author = {Beasley, JE},
  year = {1983},
  journal = {Omega},
  volume = {11},
  number = {4},
  pages = {403-408},
  abstract = {In this paper we consider route first--cluster second methods for the vehicle routing problem. Extensions to the basic method both to improve its effectiveness and to enable it to cope with practical constraints are described. Computational results are given for the method applied to standard vehicle routing problems drawn from the literature.},
  url = {http://econpapers.repec.org/RePEc:eee:jomega:v:11:y:1983:i:4:p:403-408}
}

@article{Kan1985,
  title = {{Bounds and Heuristics for Capacitated Routing Problems}},
  author = {{M. Haimovich}},
  author = {{A. H. G. Rinnooy Kan}},
  journal = {{Mathematics of Operations Research}},
  volume = 10,
  number = 4,
  year = 1985,
  pages = {527-542}
}

@article{Kruskal1956,
  author = {Kruskal, Joseph B.},
  journal = {Proceedings of the American Mathematical Society},
  keywords = {efficient-algorithms},
  month = {February},
  number = {1},
  pages = {48--50},
  publisher = {American Mathematical Society},
  title = {{On the Shortest Spanning Subtree of a Graph and the Traveling Salesman Problem}},
  volume = {7},
  year = {1956}
}

@article{Mordechai2008,
  author = {Mordechai (Muki) Haklay},
  author = {Patrick Weber},
  title = {OpenStreetMap: User-Generated Street Maps},
  journal ={IEEE Pervasive Computing},
  volume = {7},
  issn = {1536-1268},
  year = {2008},
  pages = {12-18},
  publisher = {IEEE Computer Society},
  address = {Los Alamitos, CA, USA},
}

@article{Bodin1981,
  title = {{Classification in Vehicle Routing and Scheduling}},
  author = {{Bodin, L}},
  author = {{Golden, B}},
  volume = 11,
  number = 2,
  year = 1981,
  pages = {97-108},
  journal = {Networks}
}

@article{Stutzle1997,
  author = {Stutzle, T. and Hoos, H.},
  booktitle = {Evolutionary Computation, 1997., IEEE International Conference on},
  journal = {Evolutionary Computation, 1997., IEEE International Conference on},
  pages = {309--314},
  title = {MAX-MIN Ant System and local search for the traveling salesman problem},
  year = {1997}
}

@phdthesis{Dorigo1992,
  author = {Dorigo, M.},
  school = {Politecnico di Milano, Italy},
  title = {Optimization, Learning and Natural Algorithms},
  year = {1992}
}


@article{Dorigo1996,
  author = {Marco Dorigo and Vittorio Maniezzo and Alberto Colorni},
  title = {The Ant System: Optimization by a colony of cooperating agents},
  journal = {IEEE Transactions on Systems, Man, and Cybernetics-Part B},
  year = {1996},
  volume = {26},
  pages = {29--41}
}

@article{Dorigo1996aco,
  author = {Marco Dorigo and L.M. Gambardella and Luca Maria Gambardella},
  title = {Ant Colony System: A Cooperative Learning Approach to the Traveling Salesman Problem},
  year = {1996}
}

@article{Davis91handbookof,
  author = {L. D. Davis and Melanie Mitchell},
  title = {Handbook of Genetic Algorithms},
  journal = {Van Nostrand Reinhold},
  year = {1991}
}

@article{Leguizamon1999,
  author = {G. Leguizamon and Z. Michalewicz},
  title = {A new version of ant system for subset problems},
  journal = {Proceedings of the 1999 Congress on Evolutionary Computation},
  volume = 2,
  pages = {1458-1464},
  year = 1999
}

@ARTICLE{Loureno2002,
  author = {Helena R. Loureno and Daniel Serra},
  title = {Adaptive Search Heuristics for the Generalized Assignment Problem},
  journal = {Mathware and Soft Computing},
  year = {2002},
  volume = {9},
  pages = {209--234}
}

@inproceedings{Meshoul2002,
  author = {Meshoul, S. and Batouche, M.},
  title = {Ant Colony System with Extremal Dynamics for Point Matching and Pose Estimation},
  booktitle = {ICPR '02: Proceedings of the 16 th International Conference on Pattern Recognition (ICPR'02) Volume 3},
  year = {2002},
  isbn = {0-7695-1695-X},
  pages = {30823},
  publisher = {IEEE Computer Society},
  address = {Washington, DC, USA},
}

@inbook{Johnson1997,
  author = {Johnson, David S. and Mcgeoch, Lyle A.},
  booktitle = {Local Search in Combinatorial Optimization},
  keywords = {tsp},
  title = {The Traveling Salesman Problem: A Case Study in Local Optimization},
  year = {1997}
}

@article{Stutzle2000,
  author = {St\"{u}tzle, Thomas and Hoos, Holger H.},
  title = {MAX-MIN Ant system},
  journal = {Future Gener. Comput. Syst.},
  volume = {16},
  number = {9},
  year = {2000},
  pages = {889--914},
  publisher = {Elsevier Science Publishers B. V.}
}

@ARTICLE{Stutzle2002,
  author = {Thomas Stutzle and Marco Dorigo},
  title = {A short convergence proof for a class of Ant Colony Optimization algorithms},
  journal = {IEEE Transactions on Evolutionary Computation},
  year = {2002},
  volume = {2002},
  pages = {358--365}
}

@book{Russel2003,
  author = {Russell, Stuart J. and Norvig, Peter},
  isbn = {0137903952},
  publisher = {Pearson Education},
  title = {Artificial Intelligence: A Modern Approach},
  year = {2003}
}

@article{GerhardReinelt01011991,
   author = {Reinelt, Gerhard},
   title = {{TSPLIB--A Traveling Salesman Problem Library}},
   journal = {INFORMS JOURNAL ON COMPUTING},
   volume = {3},
   number = {4},
   pages = {376-384},
   year = {1991}
}

@article{Knuth1976,
  author = {Knuth, Donald E.},
  title = {Big Omicron and big Omega and big Theta},
  journal = {SIGACT News},
  volume = {8},
  number = {2},
  year = {1976},
  issn = {0163-5700},
  pages = {18--24},
  publisher = {ACM},
  address = {New York, NY, USA}
}

@article{Goss1989,
  author = {Goss, S. and Aron, S. and Deneubourg, J. and Pasteels, J.},
  journal = {Naturwissenschaften},
  number = {12},
  pages = {579--581},
  title = {Self-organized shortcuts in the Argentine ant},
  volume = {76},
  year = {1989}
}

@inproceedings{Navy1992,
  author = {William Spears Navy and William M. Spears},
  title = {Crossover or Mutation?},
  booktitle = {Foundations of Genetic Algorithms 2},
  year = {1992},
  pages = {221--237},
  publisher = {Morgan Kaufmann}
}

@article{Chatterjee1996,
  title = "Genetic algorithms and traveling salesman problems",
  journal = "European Journal of Operational Research",
  volume = "93",
  number = "3",
  pages = "490 - 510",
  year = "1996",
  author = {Chatterjee, Sangit and Carrera, Cecilia and Lynch, Lucy A.}
}

@book{Holland1992,
  address = {Cambridge, MA, USA},
  author = {Holland, John H.},
  publisher = {MIT Press},
  title = {Adaptation in natural and artificial systems},
  year = {1992}
}

@article{Fogel1990,
  author = {D. B. Fogel and J.W. Atmar},
  title = {Comparing Genetic Operators with Gaussian Mutations in Simulated Evolutionary Processes Using Linear Systems},
  journal = {Biological Cybernetics},
  year = {1990},
  volume = {63},
  pages = {111--114}
}

@book{Manber1989,
  author = {Manber, Udi},
  title = {Introduction to Algorithms: A Creative Approach},
  year = {1989},
  isbn = {0201120372},
  publisher = {Addison-Wesley Longman Publishing Co., Inc.},
  address = {Boston, MA, USA},
}

@book{Knuth1997b,
  author = {Knuth, Donald E.},
  publisher = {Addison-Wesley Longman Publishing Co., Inc.},
  title = {The art of computer programming, volume 2 (3rd ed.):
  seminumerical algorithms},
  url = {http://portal.acm.org/citation.cfm?id=270146},
  year = 1997,
  keywords = {algorithms},
  isbn = {0201896842},
}

@article{Clarke1964,
  author = {Clarke, G. and Wright, J. W.},
  journal = {OPERATIONS RESEARCH},
  month = {July},
  number = {4},
  pages = {568--581},
  title = {Scheduling of Vehicles from a Central Depot to a Number of Delivery Points},
  volume = {12},
  year = {1964}
}

@article{Beasley1983,
  title = "Route first--Cluster second methods for vehicle routing",
  journal = "Omega",
  volume = "11",
  number = "4",
  pages = "403 - 408",
  year = "1983",
  author = "Beasley, J. E."
}

@book{Balanescu2008,
  author = {Balanescu, Emilian and Darie, Cristian},
  title = {{Beginning PHP and MySQL E-Commerce: From Novice to Professional,
  Second Edition (Beginners / Beginning Guide)}},
  year = {2008},
  publisher = {APress}
}
